<record><leader>00000cas a22000007a 4500</leader><controlfield tag="001">15972861</controlfield><controlfield tag="008">870615d19311932iaudn ne      0    0eng d</controlfield><datafield ind1=" " ind2=" " tag="010"><subfield code="a">sn 87058314 </subfield></datafield><datafield ind1=" " ind2=" " tag="040"><subfield code="a">INP</subfield><subfield code="b">eng</subfield><subfield code="c">INP</subfield><subfield code="d">OCLCQ</subfield></datafield><datafield ind1=" " ind2=" " tag="042"><subfield code="a">msc</subfield></datafield><datafield ind1="0" ind2="0" tag="245"><subfield code="a">Waterloo daily courier combined with the Waterloo tribune.</subfield></datafield><datafield ind1="3" ind2="0" tag="246"><subfield code="a">Waterloo Sunday courier combined with the Waterloo tribune</subfield></datafield><datafield ind1="1" ind2="7" tag="246"><subfield code="a">Waterloo daily courier</subfield></datafield><datafield ind1=" " ind2=" " tag="260"><subfield code="a">Waterloo, Iowa :</subfield><subfield code="b">W.H. Hartman Co.,</subfield><subfield code="c">1931-1932.</subfield></datafield><datafield ind1=" " ind2=" " tag="300"><subfield code="a">v.</subfield></datafield><datafield ind1=" " ind2=" " tag="310"><subfield code="a">Daily (except Saturday)</subfield></datafield><datafield ind1="0" ind2=" " tag="362"><subfield code="a">Feb. 19, 1931-Mar. 28, 1932.</subfield></datafield><datafield ind1=" " ind2=" " tag="500"><subfield code="a">Sunday ed. called: Waterloo Sunday courier combined with the Waterloo tribune.</subfield></datafield><datafield ind1=" " ind2=" " tag="752"><subfield code="a">United States</subfield><subfield code="b">Iowa</subfield><subfield code="c">Black Hawk</subfield><subfield code="d">Waterloo.</subfield></datafield><datafield ind1="0" ind2="4" tag="780"><subfield code="t">Waterloo daily courier (Waterloo, Iowa : 1929)</subfield><subfield code="w">(DLC)sn 87058313</subfield></datafield><datafield ind1="0" ind2="4" tag="780"><subfield code="t">Waterloo tribune (Waterloo, Iowa : 1922)</subfield><subfield code="w">(DLC)sn 87058291</subfield></datafield><datafield ind1="0" ind2="0" tag="785"><subfield code="t">Waterloo daily courier (Waterloo, Iowa : 1932)</subfield><subfield code="w">(DLC)sn 82014267</subfield></datafield></record>